@INPROCEEDINGS{Pollack92implicitsyntax,
    author = {Robert Pollack},
    title = {Implicit Syntax},
    booktitle = {Informal Proceedings of First Workshop on Logical Frameworks},
    year = {1992},
    pages = {pages}
}
@article{DBLP:journals/corr/abs-1202-4905,
  author    = {Andrea Asperti and
               Wilmer Ricciotti and
               Claudio Sacerdoti Coen and
               Enrico Tassi},
  title     = {A Bi-Directional Refinement Algorithm for the Calculus of (Co)Inductive
               Constructions},
  journal   = {Logical Methods in Computer Science},
  volume    = {8},
  number    = {1},
  year      = {2012},
  url       = {http://dx.doi.org/10.2168/LMCS-8(1:18)2012},
  doi       = {10.2168/LMCS-8(1:18)2012},
  timestamp = {Mon, 15 Oct 2012 13:17:50 +0200},
  biburl    = {http://dblp.uni-trier.de/rec/bib/journals/corr/abs-1202-4905},
  bibsource = {dblp computer science bibliography, http://dblp.org}
}
@PHDTHESIS{jojgov,
  author = {Gueorgui I. Jojgov},
  title = {Incomplete Proofs and Terms and Their Use in Interactive
	  Theorem Provers},
  school = {Institute for Programming research and Algorithms,
	  Eindhoven University of Technology}
  year ={2004},
  url = {http://alexandria.tue.nl/extra2/200410897.pdf},
  }


@article{DBLP:journals/jsc/Miller92,
  author    = {Dale Miller},
  title     = {Unification Under a Mixed Prefix},
  journal   = {J. Symb. Comput.},
  volume    = {14},
  number    = {4},
  pages     = {321--358},
  year      = {1992},
  url       = {http://dx.doi.org/10.1016/0747-7171(92)90011-R},
  doi       = {10.1016/0747-7171(92)90011-R},
  timestamp = {Tue, 20 Sep 2011 11:17:55 +0200},
  biburl    = {http://dblp.uni-trier.de/rec/bib/journals/jsc/Miller92},
  bibsource = {dblp computer science bibliography, http://dblp.org}
}



@inproceedings{unifcoq,
 title = {Towards A Better Behaved Unification Algorithm for Coq},
 author = {Matthieu Sozeau and Beta Ziliani}
 booktitle = {Proceedings of The 28th International Workshop on
	 Unification},
 year = {2014},
 url = {http://www.pps.univ-paris-diderot.fr/~sozeau/research/publications/Towards_A_Better_Behaved_Unification_Algorithm_for_Coq-UNIF14-130714.pdf}
}
